<?xml version="1.0" encoding="UTF-8"?><record xmlns="http://www.loc.gov/MARC21/slim" xmlns:cinclude="http://apache.org/cocoon/include/1.0" xmlns:zs="http://www.loc.gov/zing/srw/">
  <leader>00443cz  a2200145n  4500</leader>
  <controlfield tag="001">no 98039224 </controlfield>
  <controlfield tag="003">DLC</controlfield>
  <controlfield tag="005">20060529071132.0</controlfield>
  <controlfield tag="008">980123n| acannaabn          |n aad     c</controlfield>
  <datafield tag="010" ind1=" " ind2=" ">
    <subfield code="a">no 98039224 </subfield>
  </datafield>
  <datafield tag="035" ind1=" " ind2=" ">
    <subfield code="a">(OCoLC)oca04621710</subfield>
  </datafield>
  <datafield tag="040" ind1=" " ind2=" ">
    <subfield code="a">OCoLC</subfield>
    <subfield code="b">eng</subfield>
    <subfield code="c">OCoLC</subfield>
    <subfield code="d">OCU-Mu</subfield>
  </datafield>
  <datafield tag="100" ind1="1" ind2=" ">
    <subfield code="a">Badings, Henk,</subfield>
    <subfield code="d">1907-1987.</subfield>
    <subfield code="t">Trio-Cosmos.</subfield>
    <subfield code="n">No. 5</subfield>
  </datafield>
  <datafield tag="667" ind1=" " ind2=" ">
    <subfield code="a">Machine-derived authority record.</subfield>
  </datafield>
  <datafield tag="670" ind1=" " ind2=" ">
    <subfield code="a">LCCN 93-728720: Badings, H. Trio-Cosmos Trio No. V, c1983</subfield>
  </datafield>
</record>